
@misc{bernier_latency,
	title = {Latency Compensating Methods In Client/Server In-game Protocol Design and Optimization},
	url = {https://developer.valvesoftware.com/wiki/Latency\_Compensating\_Methods\_in\_Client/Server\_In-game\_Protocol\_Design\_and\_Optimization},
	urldate = {2019-10-03},
	author = {Yahn W., Bernier},
}

@misc{gambetta_fast,
	title = {Fast-Paced Multiplayer},
	url = {https://gabrielgambetta.com/client-server-game-architecture.html},
	urldate = {2019-10-03},
	author = {Gabriel, Gambetta},
}
